@article{li12,
Author = {Yang Li and Yaping Wang and Guorong Wu and Feng Shi and Luping Zhou and Weili Lin and Dinggang Shen},
Journal = {Neurobiology of aging},
Number = {2},
Pages = {427.e15-427.e30},
Title = {Reasoning with Exceptions: An Event-related Brain Potentials Study},
Volume = {33},
Year = {2012}
}

@article{wee15,
Author = {Chong-Yaw Wee and Sen Yang and Pew-Thian Yap and Dinggang Shen},
Journal = {Brain Imaging and Behavior},
Pages = {1-15},
Title = {Temporally dynamic resting-state functional connectivity networks for early MCI identification},
Year = {2015}
}

@article{biswal95,
Author = { Bharat Biswal and F. Zerrin Yetkin and Victor M Haughton and James Hyde},
Journal = {Magnetic resonance in medicine},
Pages = {537-541},
Title = {Functional connectivity in the motor cortex of resting human brain using echo‚Äêplanar mri},
Volume = {34},
Year = {1995}}


@article{suk16,
Author = {Heung-Il Suk and Chong-Yaw Weeb and Seong-Whan Leea and Dinggang Shen},
Journal = {Neuroimage},
Pages = {292-307},
Title = {State-space model with deep learning for functional dynamics estimation in resting-state fMRI},
Volume = {129},
Year = {2016}}

@article{hutch13,
Author = {R. Matthew Hutchison and Thilo Womelsdorf and Elena A. Allen and Peter A. Bandettini and Vince D. Calhoun and Maurizio Corbetta and Stefania Della Penna and Jeff H. Duyn and Gary H. Glover and Javier Gonzalez-Castillo and Daniel A. Handwerker and Shella Keilholz and Vesa Kiviniemi and David A. Leopold and Francesco de Pasquale and Olaf Sporns and Martin Walter and Catie Chang},
Journal = {Neuroimage},
Pages = {360-378},
Title = {Dynamic functional connectivity: promise, issues, and interpretations},
Volume = {80},
Year = {2013}}

@online{stackedDAE,
title = {Stacked Autoencoders},
url = {http://ufldl.stanford.edu/wiki/index.php/Stacked_Autoencoders}
}

@proceedings{ipmi13,
  title =  {International Conference on Information Processing in Medical Imaging},
  year = {2013},
  publisher = {Springer Berlin Heidelberg},  
}

@inproceedings{eavani13,
  author = {Harini Eavani and Theodore D. Satterthwaite and Raquel E. Gur and Ruben C. Gur and Christos Davatzikos},
  title = {Unsupervised learning of functional network dynamics in resting state fMRI},
  booktitle = {International Conference on Information Processing in Medical Imaging},
  pages = {426-437},
  year = {2013},
  crossref = {ipmi13}
}

@article{liu14,
author = {Manhua Liu and Daoqiang Zhang and Dinggang Shen},
title = {Hierarchical fusion of features and classifier decisions for Alzheimer's disease diagnosis},
journal = {Human Brain Mapping},
year = {2014},
volume = {35},
number = {4},
pages = {1305-1319}
}

@article{shi17,
author = {Bibo Shi and Yani Chen and Pin Zhang and Charles D. Smith and Jundong Liu},
title = {Nonlinear feature transformation and deep fusion for Alzheimer's Disease staging analysis},
journal = {Pattern Recognition},
year = {2017},
volume = {63},
pages = {487-498}
}




















