@article{li,
Author = {Yang Li and Yaping Wang and Guorong Wu and Feng Shi and Luping Zhou and Weili Lin and Dinggang Shen},
Journal = {Neurobiology of aging},
Number = {2},
Pages = {427.e15-427.e30},
Title = {Reasoning with Exceptions: An Event-related Brain Potentials Study},
Volume = {33},
Year = {2012}
}

@article{hutch,
Author = {R. Matthew Hutchison,a and Thilo Womelsdorf and Elena A. Allen and Peter A. Bandettini and Vince D. Calhoun and f Maurizio Corbetta and Stefania Della Penna and Jeff H. Duyn and Gary H. Glover and Javier Gonzalez-Castillo and Daniel A. Handwerker and Shella Keilholz and Vesa Kiviniemi and David A. Leopold and Francesco de Pasquale and Olaf Sporns and Martin Walter and and Catie Chang},
Journal = {Neuroimage},
Pages = {360-378},
Title = {Dynamic functional connectivity: promise, issues, and interpretations},
Volume = {80},
Year = {2013}}

@inproceedings{suk,
  author =       {Heung-Il Suk and Seong-Whan Lee and Dinggang Shen},
  title =        {A hybrid of deep network and hidden markov model for MCI identification with resting-state fMRI},
  pages =        {573-580},
  crossref =     {mica}
}

@proceedings{mica,
  title =        "International Conference on Medical Image Computing and Computer-Assisted Intervention",
  booktitle =    "International Conference on Medical Image Computing and Computer-Assisted Intervention",
  publisher =    {Springer International Publishing},
  month =        {Oct},
  year =         {2015}
}


@inproceedings{eavani,
  author =       {Harini Eavani and Theodore D. Satterthwaite and Raquel E. Gur and Ruben C. Gur and Christos Davatzikos},
  title =        {Unsupervised learning of functional network dynamics in resting state fMRI},
  pages =        {426-437},
  crossref =     {ipmi}
}
@proceedings{ipmi,
  title =        "International Conference on Information Processing in Medical Imaging",
  booktitle =    "International Conference on Information Processing in Medical Imaging",
  publisher =    {Springer Berlin Heidelberg},
  month =        {Jun},
  year =         {2013}
}





